<record><leader>00000cas a2200000 a 4500</leader><controlfield tag="001">43066075</controlfield><controlfield tag="008">991220d19481960fluwr ne      0    0eng c</controlfield><datafield ind1=" " ind2=" " tag="010"><subfield code="a">sn 99027018 </subfield></datafield><datafield ind1=" " ind2=" " tag="040"><subfield code="a">FUG</subfield><subfield code="b">eng</subfield><subfield code="c">FUG</subfield><subfield code="d">OCLCQ</subfield><subfield code="d">OCLCF</subfield><subfield code="d">OCLCO</subfield></datafield><datafield ind1=" " ind2=" " tag="042"><subfield code="a">pcc</subfield></datafield><datafield ind1=" " ind2=" " tag="043"><subfield code="a">n-us-fl</subfield></datafield><datafield ind1="0" ind2="4" tag="245"><subfield code="a">The Warrington sun.</subfield></datafield><datafield ind1=" " ind2=" " tag="260"><subfield code="a">Pensacola, Fla. :</subfield><subfield code="b">Paul P. Driver,</subfield><subfield code="c">-1960.</subfield></datafield><datafield ind1=" " ind2=" " tag="300"><subfield code="a">14 v. :</subfield><subfield code="b">ill. ;</subfield><subfield code="c">55 cm.</subfield></datafield><datafield ind1=" " ind2=" " tag="310"><subfield code="a">Weekly</subfield></datafield><datafield ind1="1" ind2=" " tag="362"><subfield code="a">Began in 1948.</subfield></datafield><datafield ind1="0" ind2=" " tag="362"><subfield code="a">-v. 14, no. 3 (Aug. 26, 1960).</subfield></datafield><datafield ind1=" " ind2=" " tag="580"><subfield code="a">Merged with: Escambia County press (Pensacola, Fla.), to become: Escambia sun-press.</subfield></datafield><datafield ind1=" " ind2=" " tag="588"><subfield code="a">Description based on: Vol. 1, no. 52 (Sept. 23, 1949).</subfield></datafield><datafield ind1=" " ind2="0" tag="651"><subfield code="a">Pensacola (Fla.)</subfield><subfield code="v">Newspapers.</subfield></datafield><datafield ind1=" " ind2="0" tag="651"><subfield code="a">Escambia County (Fla.)</subfield><subfield code="v">Newspapers.</subfield></datafield><datafield ind1=" " ind2="7" tag="655"><subfield code="a">Newspapers.</subfield><subfield code="2">fast</subfield><subfield code="0">(OCoLC)fst01423814</subfield></datafield><datafield ind1=" " ind2="7" tag="651"><subfield code="a">Florida</subfield><subfield code="z">Escambia County.</subfield><subfield code="2">fast</subfield><subfield code="0">(OCoLC)fst01215180</subfield></datafield><datafield ind1=" " ind2="7" tag="651"><subfield code="a">Florida</subfield><subfield code="z">Pensacola.</subfield><subfield code="2">fast</subfield><subfield code="0">(OCoLC)fst01206144</subfield></datafield><datafield ind1="1" ind2=" " tag="700"><subfield code="a">Driver, Paul P.</subfield></datafield><datafield ind1=" " ind2=" " tag="752"><subfield code="a">United States</subfield><subfield code="b">Florida</subfield><subfield code="c">Escambia</subfield><subfield code="d">Pensacola.</subfield></datafield><datafield ind1="1" ind2="7" tag="785"><subfield code="t">Escambia County press (Pensacola, Fla.)</subfield><subfield code="w">(DLC)sn 99027053</subfield><subfield code="w">(OCoLC)43059578</subfield></datafield><datafield ind1="1" ind2="7" tag="785"><subfield code="t">Escambia sun-press</subfield><subfield code="w">(DLC)sn 99027019</subfield></datafield></record>